%مراجع خود را در این قسمت وارد کنید.
% دستوری برای کوچک کردن اندازه فونت‌ها 
%یک مثال را در زیر می‌بینید.
@book{li2007stable,
  title={Stable random projections and conditional random sampling, two sampling techniques for modern massive datasets},
  author={Li, Ping},
  year={2007},
  publisher={Stanford}
}

@book{litez94,
  title={Oxford Advanced Learner's Dictionary of Current English},
  editor={Albert Sydney Hornby},
  year={1989},
  publisher={Oxford University Press, Oxford, UK},
  edition={fourth}
}

@article{litez58,
  title={Indexing by latent semantic analysis},
  author={Deerwester, Scott and Dumais, Susan T and Furnas, George W and Landauer, Thomas K and Harshman, Richard},
  journal={Journal of the American society for information science},
  volume={41},
  number={6},
  pages={391--407},
  year={1990},
  publisher={Wiley Online Library}
}


@article{bidabad2007classification,
  title={A classification of some Finsler connections and their applications},
  author={Bidabad, Behroz and Tayebi, Akbar},
  journal={arXiv preprint arXiv:0710.2816},
  year={2007}
}
@book{aa,
  title={هندسه‌ی منیفلد},
  author={دکتر بهروز بیدآباد},
  publisher={دانشگاه صنعتی امیرکبیر},
  year={1389},
 LANGUAGE ={Persian}
}

@article{najafi2008finsler,
  title={Finsler metrics of scalar flag curvature with special non-Riemannian curvature properties},
  author={Najafi, B and Shen, Z and Tayebi, A},
  journal={Geometriae Dedicata},
  volume={131},
  number={1},
  pages={87--97},
  year={2008},
  publisher={Springer}
}
@book{najafi,
  title={هندسه‌ی منیفلد},
  author={دکتر بهزاد نجفی},
  publisher={دانشگاه صنعتی امیرکبیر},
  year={1388},
 LANGUAGE ={Persian}
}
@book{zakeri,
  title={دستورالعمل و راهنمای نگارش پایان‌نامه},
  author={مهندس محمدرضا ذاکری},
  publisher={دانشگاه صنعتی امیرکبیر},
  year={1391},
 LANGUAGE ={Persian}
}
